@article{StroetgenGertz2013,
 author = {Str\"{o}tgen, Jannik and Gertz, Michael},
 title = {{Multilingual and Cross-domain Temporal Tagging}},
 journal = {{Language Resources and Evaluation}},
 doi = {10.1007/s10579-012-9179-y},
 year = {2013},
 publisher = {Springer}
}
@misc{Matje,
author = {{Matje van de Camp}},
title = {{Dutch resources}},
url = {http://www.tilburguniversity.edu/webwijs/show/?uid=m.m.v.d.camp},
year = {2011}
}
@misc{Veronique,
author = {{Véronique Moriceau}},
title = {{French resources}},
url = {http://vero.moriceau.free.fr/},
year = {2013}
}
@misc{Elena,
author = {{Elena Klyachko}},
title = {{Russian resources}},
year = {2014}
}
@misc{Luka,
author = {{Luka Skukan}},
title = {{Croatian resources}},
year = {2014}
}
@misc{UIMA,
author = {{Apache Software Foundation}},
month = jun,
title = {{Apache UIMA}},
url = {http://uima.apache.org/},
year = {2011}
}
@misc{TreeTagger,
author = {Schmid, Helmut},
month = jul,
title = {{TreeTagger}},
url = {http://www.cis.uni-muenchen.de/~schmid/tools/TreeTagger/},
year = {2013}
}
@misc{JVnTextPro,
author = {Cam-Tu Nguyen, Xuan-Hieu Phan, Thu-Trang Nguyen},
month = apr,
title = {{JVnTextPro}},
url = {http://sourceforge.net/projects/jvntextpro/},
year = {2013}
}
@misc{StanfordPOSTagger,
author = {Stanford Natural Language Processing Group},
month = apr,
title = {{Stanford POS Tagger}},
url = {http://nlp.stanford.edu/software/tagger.shtml},
year = {2013}
}
@misc{hunpos,
author = {Péter Halácsy, András Kornai, Csaba Oravecz},
title = {{HunPos -- an open source trigram tagger}},
booktitle = {Proceedings of the 45th Annual Meeting of the Association for Computational Linguistics Companion Volume Proceedings of the Demo and Poster Sessions.},
pages = {209--212},
address = {Association for Computational Linguistics, Prague, Czech Republic},
url = {https://code.google.com/p/hunpos/},
year = {2007}
}
@misc{HeidelTime,
author = {Str\"{o}tgen, Jannik and Gertz, Michael},
month = may,
title = {{HeidelTime}},
url = {http://dbs.ifi.uni-heidelberg.de/heideltime/},
year = {2012}
}
@inproceedings{Strotgen2010,
address = {Uppsala, Sweden},
author = {Str\"{o}tgen, Jannik and Gertz, Michael},
booktitle = {Proceedings of the 5th International Workshop on Semantic Evaluation (SemEval)},
pages = {321--324},
title = {{HeidelTime : High Quality Rule-based Extraction and Normalization of Temporal Expressions}},
year = {2010}
}
@misc{Java,
author = {{Sun Microsystems}},
month = mar,
title = {{Java}},
url = {http://www.java.com},
year = {2011}
}
